<?xml version="1.0" encoding="UTF-8"?><collection xmlns="http://www.loc.gov/MARC21/slim"><record><leader>00591nam--2200181-i-4500</leader><controlfield tag="001">000025148</controlfield><controlfield tag="002">20161230</controlfield><controlfield tag="005">20161230201035</controlfield><controlfield tag="008">060222s1000------------r-----000-0-eng-d</controlfield><datafield ind1=" " ind2=" " tag="040"><subfield code="a">IFIN-HH</subfield></datafield><datafield ind1=" " ind2=" " tag="080"><subfield code="a">532:54-162</subfield></datafield><datafield ind1="1" ind2=" " tag="100"><subfield code="a">Chandrasekhar,S</subfield></datafield><datafield ind1="1" ind2="0" tag="245"><subfield code="a">Liquid crystals</subfield><subfield code="b">Proceedings of the International Conference held at the Raman Research Institute, Bangalore, 3-8 December 1973</subfield><subfield code="c">Edited by S. CHANDRASEKHAR</subfield></datafield><datafield ind1=" " ind2=" " tag="260"><subfield code="a">Bangalore, Indian Academy Of Sciences, 1975</subfield></datafield><datafield ind1=" " ind2=" " tag="300"><subfield code="a">VII + 568P</subfield></datafield><datafield ind1=" " ind2=" " tag="490"><subfield code="a">Pramana Supplement</subfield></datafield><datafield ind1=" " ind2=" " tag="852"><subfield code="a">43089</subfield><subfield code="c">532</subfield></datafield><datafield ind1=" " ind2=" " tag="CAT"><subfield code="a">Sys</subfield><subfield code="c">20100721</subfield><subfield code="h">100214</subfield></datafield></record></collection>